@book{spong_robot,
    title = {Robot Modeling and Control},
    author = {Mark W. Spong and Seth Hutchinson and M. Vidyasagar},
    isbn = {9780471649908},
    year = {2005},
    publisher = {John Wiley and Sons},
    location = {New York},
    pagetotal = {496},
    hyphenation = {english},
}
@book{hajos_geo,
    author = {Hajós, György},
    title = {Bevezetés a geometriába},
    year = {2006},
    publisher = {Nemzeti Tankönyvkiadó},
    location = {Budapest},
    isbn = {963190116},
    pagetotal = {594},
    hyphenation = {magyar},
}
@book{freud_linalg,
    author = {Freud, Róbert},
    title = {Lineáris algebra},
    year = {2006},
    publisher = {ELTE Eötvös Kiadó},
    location = {Budapest},
    isbn = {9634634710},
    pagetotal = {518},
    hyphenation = {magyar},
}

